<record><leader>00000cas a22000007a 4500</leader><controlfield tag="001">13664632</controlfield><controlfield tag="008">860530d19081909inudn ne      0    0eng d</controlfield><datafield ind1=" " ind2=" " tag="010"><subfield code="a">sn 86058579 </subfield></datafield><datafield ind1=" " ind2=" " tag="040"><subfield code="a">NPI</subfield><subfield code="b">eng</subfield><subfield code="c">NPI</subfield><subfield code="d">OCLCQ</subfield><subfield code="d">IUL</subfield><subfield code="d">OCLCF</subfield></datafield><datafield ind1=" " ind2=" " tag="042"><subfield code="a">msc</subfield></datafield><datafield ind1=" " ind2=" " tag="043"><subfield code="a">n-us-in</subfield></datafield><datafield ind1="0" ind2=" " tag="130"><subfield code="a">Daily tribune (New Castle, Ind.)</subfield></datafield><datafield ind1="1" ind2="4" tag="245"><subfield code="a">The daily tribune.</subfield></datafield><datafield ind1=" " ind2=" " tag="260"><subfield code="a">New Castle, Ind. :</subfield><subfield code="b">New Castle Tribune Co.,</subfield><subfield code="c">-1909.</subfield></datafield><datafield ind1=" " ind2=" " tag="300"><subfield code="a">v. :</subfield><subfield code="b">ill. ;</subfield><subfield code="c">56 cm.</subfield></datafield><datafield ind1=" " ind2=" " tag="310"><subfield code="a">Daily (except Sun.)</subfield></datafield><datafield ind1="1" ind2=" " tag="362"><subfield code="a">Began in Sept. 1908.</subfield></datafield><datafield ind1="0" ind2=" " tag="362"><subfield code="a">-v. 1, no. 231 (Feb. 23, 1909).</subfield></datafield><datafield ind1=" " ind2=" " tag="500"><subfield code="a">Independent.</subfield></datafield><datafield ind1=" " ind2=" " tag="515"><subfield code="a">The final issue of the "Daily tribune" and the first issue of the "New Castle evening tribune" were both numbered 231.</subfield></datafield><datafield ind1=" " ind2=" " tag="580"><subfield code="a">Published also in a weekly edition called: Henry County tribune.</subfield></datafield><datafield ind1=" " ind2=" " tag="588"><subfield code="a">Description based on: Vol. 1, no. 92 (Sept. 14, 1908).</subfield></datafield><datafield ind1=" " ind2="0" tag="651"><subfield code="a">New Castle (Ind.)</subfield><subfield code="v">Newspapers.</subfield></datafield><datafield ind1=" " ind2="0" tag="651"><subfield code="a">Henry County (Ind.)</subfield><subfield code="v">Newspapers.</subfield></datafield><datafield ind1=" " ind2="7" tag="651"><subfield code="a">Indiana</subfield><subfield code="z">Henry County.</subfield><subfield code="2">fast</subfield><subfield code="0">(OCoLC)fst01209009</subfield></datafield><datafield ind1=" " ind2="7" tag="651"><subfield code="a">Indiana</subfield><subfield code="z">New Castle.</subfield><subfield code="2">fast</subfield><subfield code="0">(OCoLC)fst01236657</subfield></datafield><datafield ind1=" " ind2="7" tag="655"><subfield code="a">Newspapers.</subfield><subfield code="2">fast</subfield><subfield code="0">(OCoLC)fst01423814</subfield></datafield><datafield ind1=" " ind2=" " tag="752"><subfield code="a">United States</subfield><subfield code="b">Indiana</subfield><subfield code="c">Henry</subfield><subfield code="d">New Castle.</subfield></datafield><datafield ind1="1" ind2=" " tag="775"><subfield code="t">Henry County tribune</subfield><subfield code="w">(DLC)sn 86058570</subfield><subfield code="w">(OCoLC)13664609</subfield></datafield><datafield ind1="0" ind2="0" tag="780"><subfield code="t">Tribune (New Castle, Ind.)</subfield><subfield code="w">(DLC)sn 86058578</subfield><subfield code="w">(OCoLC)13664618</subfield></datafield><datafield ind1="0" ind2="0" tag="785"><subfield code="t">New Castle evening tribune</subfield><subfield code="w">(DLC)sn 86058580</subfield><subfield code="w">(OCoLC)13664638</subfield></datafield></record>